<record><leader>00000cas a22000007a 4500</leader><controlfield tag="001">32046708</controlfield><controlfield tag="008">950224d19721994ncuwr ne      0    0eng d</controlfield><datafield ind1=" " ind2=" " tag="010"><subfield code="a">sn 95072283 </subfield></datafield><datafield ind1=" " ind2=" " tag="040"><subfield code="a">NVJ</subfield><subfield code="b">eng</subfield><subfield code="c">NVJ</subfield><subfield code="d">OCLCQ</subfield></datafield><datafield ind1=" " ind2=" " tag="042"><subfield code="a">msc</subfield></datafield><datafield ind1="0" ind2="4" tag="245"><subfield code="a">The Yancey journal.</subfield></datafield><datafield ind1="1" ind2="7" tag="246"><subfield code="a">Yancey journal, Mitchell observer</subfield><subfield code="f">Apr. 6-13, 1972</subfield></datafield><datafield ind1="1" ind2="0" tag="246"><subfield code="a">Mitchell observer</subfield></datafield><datafield ind1=" " ind2=" " tag="260"><subfield code="a">Burnsville, N.C. :</subfield><subfield code="b">Twin Cities Pub. Co.</subfield></datafield><datafield ind1=" " ind2=" " tag="300"><subfield code="a">v.</subfield></datafield><datafield ind1=" " ind2=" " tag="310"><subfield code="a">Weekly</subfield></datafield><datafield ind1="0" ind2=" " tag="362"><subfield code="a">Vol. 1, no. 1 (Apr. 6, 1972)-</subfield></datafield><datafield ind1="1" ind2=" " tag="362"><subfield code="a">Ceased in 1994.</subfield></datafield><datafield ind1=" " ind2=" " tag="752"><subfield code="a">United States</subfield><subfield code="b">North Carolina</subfield><subfield code="c">Yancey</subfield><subfield code="d">Burnsville.</subfield></datafield><datafield ind1="0" ind2="5" tag="780"><subfield code="t">Yancey record</subfield><subfield code="w">(DLC)sn 95072281</subfield></datafield><datafield ind1="0" ind2="7" tag="785"><subfield code="t">Yancey County common times</subfield><subfield code="w">(DLC)sn 95072282</subfield></datafield><datafield ind1="0" ind2="7" tag="785"><subfield code="t">Yancey County common times journal</subfield></datafield></record>